[gd_scene load_steps=16 format=3 uid="uid://dj323xd6a3g34"]

[ext_resource type="Script" path="res://scenes/playgrounds/Playground.gd" id="1_bdwwq"]
[ext_resource type="PackedScene" uid="uid://hi8vmrqx8ft0" path="res://scenes/entities/controllable/Infiltrator.tscn" id="2_562vw"]
[ext_resource type="Script" path="res://scripts/custom_nodes/DebugPlayerSwitcher.gd" id="2_fy1ul"]
[ext_resource type="PackedScene" uid="uid://bx7s3whvs4tj4" path="res://scenes/entities/controllable/SecurityTurret.tscn" id="3_7gu8q"]
[ext_resource type="PackedScene" uid="uid://nufega3hckwt" path="res://scenes/entities/controllable/SecurityPlayer.tscn" id="5_wfdtm"]

[sub_resource type="ProceduralSkyMaterial" id="ProceduralSkyMaterial_1wgmg"]

[sub_resource type="Sky" id="Sky_3ryey"]
sky_material = SubResource("ProceduralSkyMaterial_1wgmg")

[sub_resource type="Environment" id="Environment_p4880"]
background_mode = 2
sky = SubResource("Sky_3ryey")

[sub_resource type="QuadMesh" id="QuadMesh_l4lx5"]
size = Vector2(20, 20)

[sub_resource type="ConcavePolygonShape3D" id="ConcavePolygonShape3D_8yn14"]
data = PackedVector3Array(10, -10, 0, -10, -10, 0, 10, 10, 0, -10, -10, 0, -10, 10, 0, 10, 10, 0)

[sub_resource type="BoxMesh" id="BoxMesh_83e4k"]
size = Vector3(10, 1, 0.5)

[sub_resource type="StandardMaterial3D" id="StandardMaterial3D_6c3ga"]
albedo_color = Color(1, 0, 0, 1)

[sub_resource type="BoxMesh" id="BoxMesh_827hc"]
size = Vector3(1, 3, 1)

[sub_resource type="StandardMaterial3D" id="StandardMaterial3D_kxmkc"]
transparency = 1
blend_mode = 1

[sub_resource type="ConcavePolygonShape3D" id="ConcavePolygonShape3D_iep1w"]
data = PackedVector3Array(-0.5, 1, 0.5, 0.5, 1, 0.5, -0.5, -1, 0.5, 0.5, 1, 0.5, 0.5, -1, 0.5, -0.5, -1, 0.5, 0.5, 1, -0.5, -0.5, 1, -0.5, 0.5, -1, -0.5, -0.5, 1, -0.5, -0.5, -1, -0.5, 0.5, -1, -0.5, 0.5, 1, 0.5, 0.5, 1, -0.5, 0.5, -1, 0.5, 0.5, 1, -0.5, 0.5, -1, -0.5, 0.5, -1, 0.5, -0.5, 1, -0.5, -0.5, 1, 0.5, -0.5, -1, -0.5, -0.5, 1, 0.5, -0.5, -1, 0.5, -0.5, -1, -0.5, 0.5, 1, 0.5, -0.5, 1, 0.5, 0.5, 1, -0.5, -0.5, 1, 0.5, -0.5, 1, -0.5, 0.5, 1, -0.5, -0.5, -1, 0.5, 0.5, -1, 0.5, -0.5, -1, -0.5, 0.5, -1, 0.5, 0.5, -1, -0.5, -0.5, -1, -0.5)

[node name="SecurityCameraPlayground" type="Node3D"]
script = ExtResource("1_bdwwq")

[node name="DebugPlayerSwitcher" type="Node3D" parent="." node_paths=PackedStringArray("players", "security_devices")]
script = ExtResource("2_fy1ul")
players = NodePath("../Players")
security_devices = NodePath("../SecurityDevices")

[node name="WorldEnvironment" type="WorldEnvironment" parent="."]
environment = SubResource("Environment_p4880")

[node name="World" type="Node3D" parent="."]

[node name="Floor" type="MeshInstance3D" parent="World"]
transform = Transform3D(1, 0, 0, 0, -4.37114e-08, 1, 0, -1, -4.37114e-08, 0, 0, 0)
mesh = SubResource("QuadMesh_l4lx5")
skeleton = NodePath("../..")

[node name="StaticBody3D" type="StaticBody3D" parent="World/Floor"]

[node name="CollisionShape3D" type="CollisionShape3D" parent="World/Floor/StaticBody3D"]
shape = SubResource("ConcavePolygonShape3D_8yn14")

[node name="Limit" type="MeshInstance3D" parent="World"]
transform = Transform3D(1, 0, 0, 0, 1, 0, 0, 0, 1, 0, -0.470867, 0)
mesh = SubResource("BoxMesh_83e4k")
surface_material_override/0 = SubResource("StandardMaterial3D_6c3ga")

[node name="WallHigh" type="MeshInstance3D" parent="World"]
transform = Transform3D(1, 0, 0, 0, 1, 0, 0, 0, 1, 0, 0.91418, 1.43265)
mesh = SubResource("BoxMesh_827hc")
surface_material_override/0 = SubResource("StandardMaterial3D_kxmkc")

[node name="StaticBody3D" type="StaticBody3D" parent="World/WallHigh"]

[node name="CollisionShape3D" type="CollisionShape3D" parent="World/WallHigh/StaticBody3D"]
shape = SubResource("ConcavePolygonShape3D_iep1w")

[node name="WallLow" type="MeshInstance3D" parent="World"]
transform = Transform3D(1, 0, 0, 0, 1, 0, 0, 0, 1, -0.994544, 0.478012, 1.43265)
mesh = SubResource("BoxMesh_827hc")
surface_material_override/0 = SubResource("StandardMaterial3D_kxmkc")

[node name="StaticBody3D" type="StaticBody3D" parent="World/WallLow"]

[node name="CollisionShape3D" type="CollisionShape3D" parent="World/WallLow/StaticBody3D"]
shape = SubResource("ConcavePolygonShape3D_iep1w")

[node name="WallLow2" type="MeshInstance3D" parent="World"]
transform = Transform3D(1, 0, 0, 0, 1, 0, 0, 0, 1, -1.96819, -0.223372, 1.43265)
mesh = SubResource("BoxMesh_827hc")
surface_material_override/0 = SubResource("StandardMaterial3D_kxmkc")

[node name="StaticBody3D" type="StaticBody3D" parent="World/WallLow2"]

[node name="CollisionShape3D" type="CollisionShape3D" parent="World/WallLow2/StaticBody3D"]
shape = SubResource("ConcavePolygonShape3D_iep1w")

[node name="DirectionalLight3D" type="DirectionalLight3D" parent="."]
transform = Transform3D(-0.907917, 0.208688, -0.363506, -0.102097, 0.731016, 0.674679, 0.406526, 0.649665, -0.642395, -6.26067, 2.2084, -4.33627)
light_energy = 0.5
shadow_enabled = true

[node name="SecurityDevices" type="Node3D" parent="."]

[node name="SecurityTurret" parent="SecurityDevices" instance=ExtResource("3_7gu8q")]
transform = Transform3D(-1, 0, -8.74228e-08, 0, 1, 0, 8.74228e-08, 0, -1, 0, 0, 5.18568)
show_viewport = true

[node name="Players" type="Node3D" parent="."]

[node name="Infiltrator" parent="Players" instance=ExtResource("2_562vw")]
transform = Transform3D(1, 0, 0, 0, 1, 0, 0, 0, 1, 0, 1.04649, -3.15672)

[node name="SecurityPlayer" parent="Players" instance=ExtResource("5_wfdtm")]
transform = Transform3D(0.707107, 0, 0.707107, 0, 1, 0, -0.707107, 0, 0.707107, 0, 6.75129, 0)
