[gd_scene load_steps=16 format=3 uid="uid://1wdw8s3cr2kt"]

[ext_resource type="Script" path="res://scripts/entities/controllable/SecurityRangeRobot.gd" id="1_0sgxl"]
[ext_resource type="PackedScene" uid="uid://rti0pc6u6sd" path="res://scenes/models/SecurityRangeRobotModel.tscn" id="2_g1fet"]
[ext_resource type="Script" path="res://addons/netfox/tick-interpolator.gd" id="2_nf2lg"]
[ext_resource type="Script" path="res://addons/netfox/rollback/rollback-synchronizer.gd" id="3_8evuf"]
[ext_resource type="PackedScene" uid="uid://d0qx0r4s654qv" path="res://scenes/custom_nodes/FPSCamera.tscn" id="3_aqo6v"]
[ext_resource type="Script" path="res://scripts/players/PlayerInput.gd" id="4_61182"]
[ext_resource type="PackedScene" uid="uid://daoo532fhq1h4" path="res://scenes/custom_nodes/SecurityCamera3D.tscn" id="4_hrlbu"]
[ext_resource type="PackedScene" uid="uid://da8wq2m487nvr" path="res://scenes/particles/MuzzleFlashParticles.tscn" id="5_7y4ko"]
[ext_resource type="PackedScene" uid="uid://jt8knvplxqh" path="res://scenes/custom_nodes/RayDebug.tscn" id="6_o05i4"]
[ext_resource type="PackedScene" uid="uid://bdck40qbi10yn" path="res://scenes/custom_nodes/MouseHoverArea3D.tscn" id="7_ppca7"]
[ext_resource type="PackedScene" uid="uid://myjwo4vpbrli" path="res://scenes/custom_nodes/SecurityLight.tscn" id="8_b7wxt"]

[sub_resource type="SceneReplicationConfig" id="SceneReplicationConfig_gv6g2"]
properties/0/path = NodePath(".:player")
properties/0/spawn = true
properties/0/replication_mode = 2
properties/1/path = NodePath(".:player_controlled")
properties/1/spawn = true
properties/1/replication_mode = 2
properties/2/path = NodePath(".:id")
properties/2/spawn = true
properties/2/replication_mode = 2

[sub_resource type="SceneReplicationConfig" id="SceneReplicationConfig_2ognh"]
properties/0/path = NodePath("PlayerInput:crouching")
properties/0/spawn = false
properties/0/replication_mode = 2
properties/1/path = NodePath("PlayerInput:sprinting")
properties/1/spawn = false
properties/1/replication_mode = 2
properties/2/path = NodePath("PlayerInput:rotation_target")
properties/2/spawn = false
properties/2/replication_mode = 1

[sub_resource type="CapsuleShape3D" id="CapsuleShape3D_yqdhu"]
radius = 0.587085
height = 1.80662

[sub_resource type="CylinderShape3D" id="CylinderShape3D_ir1qc"]
height = 1.67174
radius = 0.650255

[node name="SecurityRangeRobot" type="CharacterBody3D" node_paths=PackedStringArray("player_input", "rollback_synchronizer", "fps_camera", "model", "fps_only") groups=["Security Devices"]]
script = ExtResource("1_0sgxl")
player_input = NodePath("PlayerInput")
rollback_synchronizer = NodePath("RollbackSynchronizer")
has_health = false
can_sprint = false
can_crouch = false
fps_camera = NodePath("FpsCamera")
model = NodePath("SecurityRangeRobotModel")
fps_only = NodePath("FpsCamera/FpsOnly")

[node name="TickInterpolator" type="Node" parent="." node_paths=PackedStringArray("root")]
script = ExtResource("2_nf2lg")
root = NodePath("..")
properties = Array[String]([":global_transform"])

[node name="RollbackSynchronizer" type="Node" parent="." node_paths=PackedStringArray("root")]
script = ExtResource("3_8evuf")
root = NodePath("..")
state_properties = Array[String]([":global_transform"])
input_properties = Array[String](["PlayerInput:direction"])

[node name="ServerSynchronizer" type="MultiplayerSynchronizer" parent="."]
replication_config = SubResource("SceneReplicationConfig_gv6g2")

[node name="PlayerInput" type="MultiplayerSynchronizer" parent="." node_paths=PackedStringArray("fps_camera")]
replication_config = SubResource("SceneReplicationConfig_2ognh")
script = ExtResource("4_61182")
fps_camera = NodePath("../FpsCamera")

[node name="SecurityRangeRobotModel" parent="." instance=ExtResource("2_g1fet")]

[node name="FpsCamera" parent="." instance=ExtResource("3_aqo6v")]
transform = Transform3D(1, 0, 0, 0, 1, 0, 0, 0, 1, 0, 1.53359, 0)

[node name="Camera3D" parent="FpsCamera" instance=ExtResource("4_hrlbu")]

[node name="FpsOnly" type="Node3D" parent="FpsCamera"]

[node name="MuzzleFlashParticles" parent="FpsCamera/FpsOnly" instance=ExtResource("5_7y4ko")]
transform = Transform3D(1, 0, 0, 0, 1, 0, 0, 0, 1, 0, -0.247624, 0.315349)

[node name="CollisionShape3D" type="CollisionShape3D" parent="."]
transform = Transform3D(1, 0, 0, 0, 1, 0, 0, 0, 1, 0, 0.837553, 0)
shape = SubResource("CapsuleShape3D_yqdhu")

[node name="RayDebug" parent="." instance=ExtResource("6_o05i4")]

[node name="MouseHoverArea3D" parent="." node_paths=PackedStringArray("model") instance=ExtResource("7_ppca7")]
model = NodePath("../SecurityRangeRobotModel")

[node name="CollisionShape3D" type="CollisionShape3D" parent="MouseHoverArea3D"]
shape = SubResource("CylinderShape3D_ir1qc")

[node name="SecurityLight" parent="." instance=ExtResource("8_b7wxt")]
transform = Transform3D(1, 0, 0, 0, 1, 0, 0, 0, 1, 0, 1.42569, 0)
