[gd_scene load_steps=4 format=3 uid="uid://cqygcr6v7whcq"]

[ext_resource type="Script" path="res://scripts/UI/SecurityHUD.gd" id="1_qhmy6"]
[ext_resource type="Theme" uid="uid://dlj0yqbggm733" path="res://resources/ui_theme.tres" id="2_c0jfu"]
[ext_resource type="PackedScene" uid="uid://dxenawhdij43r" path="res://scenes/UI/components/SecurityDeviceListItem.tscn" id="2_fcurm"]

[node name="SecurityHUD" type="CanvasLayer"]
script = ExtResource("1_qhmy6")

[node name="AlertsArrows" type="Control" parent="."]
layout_mode = 3
anchors_preset = 15
anchor_right = 1.0
anchor_bottom = 1.0
grow_horizontal = 2
grow_vertical = 2

[node name="HBoxContainer" type="HBoxContainer" parent="."]
anchors_preset = 15
anchor_right = 1.0
anchor_bottom = 1.0
grow_horizontal = 2
grow_vertical = 2

[node name="VBoxContainer" type="VBoxContainer" parent="HBoxContainer"]
layout_mode = 2
size_flags_horizontal = 3

[node name="Control" type="Control" parent="HBoxContainer"]
custom_minimum_size = Vector2(220, 0)
layout_mode = 2

[node name="Background" type="ColorRect" parent="HBoxContainer/Control"]
layout_mode = 1
anchors_preset = 15
anchor_right = 1.0
anchor_bottom = 1.0
grow_horizontal = 2
grow_vertical = 2
color = Color(0, 0, 0, 0.203922)

[node name="MarginContainer" type="MarginContainer" parent="HBoxContainer/Control"]
layout_mode = 1
anchors_preset = 15
anchor_right = 1.0
anchor_bottom = 1.0
grow_horizontal = 2
grow_vertical = 2
theme_override_constants/margin_left = 10
theme_override_constants/margin_top = 10
theme_override_constants/margin_right = 10
theme_override_constants/margin_bottom = 10

[node name="VBoxContainer" type="VBoxContainer" parent="HBoxContainer/Control/MarginContainer"]
layout_mode = 2

[node name="MarginContainer" type="MarginContainer" parent="HBoxContainer/Control/MarginContainer/VBoxContainer"]
layout_mode = 2
theme_override_constants/margin_bottom = 20

[node name="MoneyLabel" type="Label" parent="HBoxContainer/Control/MarginContainer/VBoxContainer/MarginContainer"]
unique_name_in_owner = true
layout_mode = 2
theme = ExtResource("2_c0jfu")
theme_override_font_sizes/font_size = 30
text = "Money:"

[node name="DevicesListVbox" type="VBoxContainer" parent="HBoxContainer/Control/MarginContainer/VBoxContainer"]
unique_name_in_owner = true
layout_mode = 2

[node name="SecurityDeviceListItem2" parent="HBoxContainer/Control/MarginContainer/VBoxContainer/DevicesListVbox" instance=ExtResource("2_fcurm")]
custom_minimum_size = Vector2(0, 50)
layout_mode = 2

[node name="SecurityDeviceListItem" parent="HBoxContainer/Control/MarginContainer/VBoxContainer/DevicesListVbox" instance=ExtResource("2_fcurm")]
layout_mode = 2
size_flags_vertical = 0
